@STRING{CVPR = {CVPR}}
@STRING{CVPR = {IEEE Conf on Computer Vision and Pattern Recognition}}

@STRING{ICDSC = {ICDSC}}
@STRING{ICDSC = {International Conference on Distributed Smart Cameras}}

@STRING{ECCV = {ECCV}}
@STRING{ECCV = {European Conference on Computer Vision}}

@STRING{ICCV = {ICCV}}
@STRING{ICCV = {IEEE International Conference on Computer Vision}}

@STRING{IJCV = {IJCV}}
@STRING{IJCV = {International Journal of Computer Vision}}

@STRING{WACV = {WACV}}
@STRING{WACV = {Workshop on Applications of Computer Vision}}

@STRING{NIPS = {NIPS}}
@STRING{NIPS = {Advances in Neural Information Processing Systems}}

@STRING{T-PAMI = {PAMI}}
@STRING{T-PAMI = {IEEE Transactions on Pattern Analysis and Machine Intelligence}}

@article{Laffont14,
    title = {Transient Attributes for High-Level Understanding and Editing of Outdoor Scenes},
    author = {Pierre-Yves Laffont and Zhile Ren and Xiaofeng Tao and Chao Qian and James Hays},
    journal = {ACM Transactions on Graphics (Proceedings of SIGGRAPH)},
    volume = {33},
    number = {4},
    year = {2014}
}

@article{caffe14,
  Author = {Jia, Yangqing and Shelhamer, Evan and Donahue, Jeff and Karayev, Sergey and Long, Jonathan and Girshick, Ross and Guadarrama, Sergio and Darrell, Trevor},
  Journal = {arXiv preprint arXiv:1408.5093},
  Title = {Caffe: Convolutional Architecture for Fast Feature Embedding},
  Year = {2014}
}

@inproceedings{zhou2014places,
  title={{Learning Deep Features for Scene Recognition using Places Database.}},
  author={Zhou, B. and Lapedriza, A. and Xiao, J. and Torralba, A. and Oliva, A.},
  booktitle=NIPS,
  year={2014}
}

@inproceedings{caffenetnips12,
	title = {ImageNet Classification with Deep Convolutional Neural Networks},
	author = {Alex Krizhevsky and Sutskever, Ilya and Geoffrey E. Hinton},
	booktitle = NIPS, 
	year = 2012
}

@misc{ILSVRCarxiv14,
	Author = {Olga Russakovsky and Jia Deng and Hao Su and Jonathan Krause and Sanjeev Satheesh and Sean Ma and Zhiheng Huang and Andrej Karpathy and Aditya Khosla and Michael Bernstein and Alexander C. Berg and Li Fei-Fei},
	Title = {{ImageNet Large Scale Visual Recognition Challenge}},
	Year = {2014},
	Eprint = {arXiv:1409.0575},
}

@inproceedings{jacobs07amos,
  author = {Jacobs, Nathan and Roman, Nathaniel and Pless, Robert},
  title = {{Consistent Temporal Variations in Many Outdoor Scenes}},
  year = {2007},
  doi = {10.1109/CVPR.2007.383258},
  booktitle = CVPR
}

@article{lalondesig09,
  author =	 {Jean-Fran\c{c}ois Lalonde and Alexei A. Efros and
                  Srinivasa G. Narasimhan},
  title =	 {Webcam Clip Art: Appearance and Illuminant Transfer
                  from Time-lapse Sequences},
  journal =	 {ACM Transactions on Graphics (SIGGRAPH Asia 2009)},
  year =	 2009,
  volume =	 28,
  number =	 5,
  month =	 {December}
}

@inproceedings{lutwoclass,
  title={Two-Class Weather Classification},
  author={Lu, Cewu and Lin, Di and Jia, Jiaya and Tang, Chi-Keung},
  year = {2014},
  booktitle = CVPR
}

@inproceedings{xiaoSUN,
  title={SUN database: Large-scale scene recognition from abbey to zoo},
  author={Xiao, Jianxiong and Hays, James and Ehinger, Krista A and Oliva, Aude and Torralba, Antonio},
  year={2010},
  booktitle=CVPR,
} 

@article{russell2008labelme,
  title={LabelMe: a database and web-based tool for image annotation},
  author={Russell, Bryan C and Torralba, Antonio and Murphy, Kevin P and Freeman, William T},
  journal=IJCV,
  volume={77},
  number={1-3},
  pages={157--173},
  year={2008},
  publisher={Springer}
}
